@article{1999:iec62106,
    author = {RDS Forum Office},
    title = {{The new RDS IEC 62106:1999 standard}},
    year = {1999}
}

@misc{RFAnalyzer_GitHub,
  title = {demantz/RFAnalyzer: Spectrum Analyzer for Android using the HackRF},
  howpublished = {\url{https://github.com/demantz/RFAnalyzer}},
}